<?xml version="1.0" encoding="UTF-8" ?><marc:collection xmlns:marc="http://www.loc.gov/MARC21/slim" xmlns:xsi="http://www.w3.org/2001/XMLSchema-instance" xsi:schemaLocation="http://www.loc.gov/MARC21/slim http://www.loc.gov/standards/marcxml/schema/MARC21slim.xsd">
<marc:record><marc:leader>03229nam a2200445Ii 4500</marc:leader>
<marc:controlfield tag="001">b13322436</marc:controlfield>
<marc:controlfield tag="003">UaCaAUL</marc:controlfield><marc:controlfield tag="005">20190218110755.0</marc:controlfield><marc:controlfield tag="008">190218s1941    ua       b    000 0 ara  </marc:controlfield><marc:datafield tag="035" ind1=" " ind2=" "><marc:subfield code="a">(OCoLC)1086172701</marc:subfield></marc:datafield><marc:datafield tag="040" ind1=" " ind2=" "><marc:subfield code="a">MEAUC</marc:subfield><marc:subfield code="b">eng</marc:subfield><marc:subfield code="e">rda</marc:subfield><marc:subfield code="c">MEAUC</marc:subfield></marc:datafield><marc:datafield tag="050" ind1=" " ind2="4"><marc:subfield code="a">PJ6101</marc:subfield><marc:subfield code="b">.I19 1941 </marc:subfield></marc:datafield><marc:datafield tag="066" ind1=" " ind2=" "><marc:subfield code="c">(3</marc:subfield></marc:datafield><marc:datafield tag="090" ind1=" " ind2=" "><marc:subfield code="a">PJ6101</marc:subfield><marc:subfield code="b">.I19 1941</marc:subfield></marc:datafield><marc:datafield tag="100" ind1="1" ind2=" "><marc:subfield code="6">880-01</marc:subfield><marc:subfield code="a">Ibn Hishām, ʻAbd Allāh ibn Yūsuf,</marc:subfield><marc:subfield code="d">1309-1360,</marc:subfield><marc:subfield code="e">author.</marc:subfield></marc:datafield><marc:datafield tag="240" ind1="1" ind2="0"><marc:subfield code="6">880-02</marc:subfield><marc:subfield code="a">Qaṭr al-nadá wa-ball al-ṣadá.</marc:subfield></marc:datafield><marc:datafield tag="245" ind1="1" ind2="0"><marc:subfield code="6">880-03</marc:subfield><marc:subfield code="a">Sharḥ Qaṭr al-nadá wa-ball al-ṣadá /</marc:subfield><marc:subfield code="c">taṣnīf Abī Muḥammad ʻAbd Allāh Jamāl al-Dīn ibn Hishām al-Anṣārī, al-mutawaffá sanat 761 min al-Hijrah ; ḥaqqaqahu wa-ḍabaṭa gharībahu wa-sharaḥa shawāhidihi Muḥammad Muḥyī al-Dīn ʻAbd al-Ḥamīd, al-ustādh fī Qism al-Takhaṣṣuṣ bi-Kullīyat al-Lughah al-ʻArabīyah bi-al-Jāmiʻ al-Azʹhar wa-ustādh al-Sharīʻah al-Islāmīyah bi-Kullīyat al-Ḥuqūq bi-al-Kharṭūm.</marc:subfield></marc:datafield><marc:datafield tag="250" ind1=" " ind2=" "><marc:subfield code="6">880-04</marc:subfield><marc:subfield code="a">al-Ṭabʻah al-thāniyah, mazīdah wa-munaqqaḥah.</marc:subfield></marc:datafield><marc:datafield tag="264" ind1=" " ind2="1"><marc:subfield code="6">880-05</marc:subfield><marc:subfield code="a">al-Qāhirah :</marc:subfield><marc:subfield code="b">Yuṭlab Min al-Maktabah al-Tijārīyah al-Kubrá,</marc:subfield><marc:subfield code="c">1360 H, 1941 M.</marc:subfield></marc:datafield><marc:datafield tag="264" ind1=" " ind2="3"><marc:subfield code="6">880-06</marc:subfield><marc:subfield code="a">[Cairo] :</marc:subfield><marc:subfield code="b">Maṭbaʻat al-Istiqāmah.</marc:subfield></marc:datafield><marc:datafield tag="300" ind1=" " ind2=" "><marc:subfield code="a">391 pages ;</marc:subfield><marc:subfield code="c">24 cm.</marc:subfield></marc:datafield><marc:datafield tag="336" ind1=" " ind2=" "><marc:subfield code="a">text</marc:subfield><marc:subfield code="b">txt</marc:subfield><marc:subfield code="2">rdacontent.</marc:subfield></marc:datafield><marc:datafield tag="337" ind1=" " ind2=" "><marc:subfield code="a">unmediated</marc:subfield><marc:subfield code="b">n</marc:subfield><marc:subfield code="2">rdamedia.</marc:subfield></marc:datafield><marc:datafield tag="338" ind1=" " ind2=" "><marc:subfield code="a">volume</marc:subfield><marc:subfield code="b">nc</marc:subfield><marc:subfield code="2">rdacarrier.</marc:subfield></marc:datafield><marc:datafield tag="500" ind1=" " ind2=" "><marc:subfield code="6">880-07</marc:subfield><marc:subfield code="a">At head of title page: Qarrarat al-Idārah al-ʻĀmmah lil-Jāmiʻ al-Azʹhar tadrīs hādhā al-kitāb li-ṭalabat al-sanah al-thālithah al-ibtidāʼīyah fī al-maʻāhid al-dīnīyah.</marc:subfield></marc:datafield><marc:datafield tag="504" ind1=" " ind2=" "><marc:subfield code="a">Includes bibliographical references.</marc:subfield></marc:datafield><marc:datafield tag="650" ind1=" " ind2="0"><marc:subfield code="a">Arabic language</marc:subfield><marc:subfield code="x">Grammar.</marc:subfield></marc:datafield><marc:datafield tag="700" ind1="1" ind2=" "><marc:subfield code="6">880-08</marc:subfield><marc:subfield code="a">ʻAbd al-Ḥamīd, Muḥammad Muḥyī al-Dīn,</marc:subfield><marc:subfield code="e">editor.</marc:subfield></marc:datafield><marc:datafield tag="880" ind1="1" ind2=" "><marc:subfield code="6">100-01/(3/r</marc:subfield><marc:subfield code="a">ابن هشام، عبد الله بن يوسف،،‪</marc:subfield><marc:subfield code="d">1309-1360.</marc:subfield></marc:datafield><marc:datafield tag="880" ind1="1" ind2="0"><marc:subfield code="6">240-02/(3/r</marc:subfield><marc:subfield code="a">قطر الندى وبل الصدى.</marc:subfield></marc:datafield><marc:datafield tag="880" ind1="1" ind2="0"><marc:subfield code="6">245-03/(3/r</marc:subfield><marc:subfield code="a">شرح قطر الندى وبل الصدى /‪</marc:subfield><marc:subfield code="c">تصنيف أبي محمد عبد الله جمال الدين بن هشام الأنصاري، المتوفى سنة 761 من الهجرة ؛ حققه وضبط غريبه وشرح شواهده محمد محيي الدين عبد الحميد، الأستاذ في قسم التخصص بكلية اللغة العربية بالجامع الأزهر وأستاذ الشريعة الإسلامية بكلية الحقوق بالخرطوم..</marc:subfield></marc:datafield><marc:datafield tag="880" ind1=" " ind2="1"><marc:subfield code="6">264-05/(3/r</marc:subfield><marc:subfield code="a">القاهرة :‪</marc:subfield><marc:subfield code="b">يطلب من المكتبة التجارية الكبرى،‪</marc:subfield><marc:subfield code="c">1360 هـ، 1941 م..</marc:subfield></marc:datafield><marc:datafield tag="880" ind1=" " ind2=" "><marc:subfield code="6">250-04/(3/r</marc:subfield><marc:subfield code="a">الطبعة الثانية، مزيدة ومنقحة..</marc:subfield></marc:datafield><marc:datafield tag="880" ind1=" " ind2="3"><marc:subfield code="6">264-06/(3/r</marc:subfield><marc:subfield code="a">[Caiiro] :</marc:subfield><marc:subfield code="b">مطبعة الاستقامة..</marc:subfield></marc:datafield><marc:datafield tag="880" ind1=" " ind2=" "><marc:subfield code="6">500-07/(3/r</marc:subfield><marc:subfield code="a">At head of title page: قررت الإدارة العامة للجامع الأزهر تدريس هذه الكتاب لطلبة السنة الثالثة الإبتدائية في المعاهد الدينية..</marc:subfield></marc:datafield><marc:datafield tag="880" ind1="1" ind2=" "><marc:subfield code="6">700-08/(3/r</marc:subfield><marc:subfield code="a">عبد الحميد، محمد محيي الدين..</marc:subfield></marc:datafield><marc:datafield tag="907" ind1=" " ind2=" "><marc:subfield code="a">.b13322436</marc:subfield><marc:subfield code="b">main </marc:subfield></marc:datafield><marc:datafield tag="902" ind1=" " ind2=" "><marc:subfield code="a">190327</marc:subfield></marc:datafield><marc:datafield tag="998" ind1=" " ind2=" "><marc:subfield code="b">1</marc:subfield><marc:subfield code="c">090831</marc:subfield><marc:subfield code="d">m</marc:subfield><marc:subfield code="e">~</marc:subfield><marc:subfield code="f">-</marc:subfield><marc:subfield code="g">0</marc:subfield><marc:subfield code="k">MAH</marc:subfield></marc:datafield><marc:datafield tag="945" ind1=" " ind2=" "><marc:subfield code="l">main </marc:subfield></marc:datafield></marc:record>
</marc:collection>
